@misc{StanfordLogo,
  title = {Stanford Identity Toolkit},
  howpublished = {\url{https://identity.stanford.edu/name-emblems.html}},
  note = {Accessed: 2018-12-27}
}